<record><leader>01601cam a2200433 i 4500</leader><controlfield tag="001">6784439</controlfield><controlfield tag="003">OCoLC</controlfield><controlfield tag="005">20150530072345.8</controlfield><controlfield tag="006">m     o  d        </controlfield><controlfield tag="007">cr cn|||||||||</controlfield><controlfield tag="008">141203s2015    enka    ob    001 0 eng d</controlfield><datafield ind1=" " ind2=" " tag="020"><subfield code="a">9780128010136</subfield></datafield><datafield ind1=" " ind2=" " tag="020"><subfield code="a">0128010134</subfield></datafield><datafield ind1=" " ind2=" " tag="020"><subfield code="z">9780128009703</subfield></datafield><datafield ind1=" " ind2=" " tag="020"><subfield code="a">0128009705</subfield></datafield><datafield ind1=" " ind2=" " tag="020"><subfield code="a">9780128009703</subfield></datafield><datafield ind1=" " ind2=" " tag="035"><subfield code="a">ocn897387947</subfield></datafield><datafield ind1=" " ind2=" " tag="037"><subfield code="a">CL0500000509</subfield><subfield code="b">Safari Books Online</subfield></datafield><datafield ind1=" " ind2=" " tag="039"><subfield code="a">exclude</subfield></datafield><datafield ind1=" " ind2=" " tag="040"><subfield code="a">UMI</subfield><subfield code="b">eng</subfield><subfield code="e">rda</subfield><subfield code="e">pn</subfield><subfield code="c">UMI</subfield><subfield code="d">E7B</subfield><subfield code="d">COO</subfield><subfield code="d">DEBBG</subfield><subfield code="d">AEU</subfield></datafield><datafield ind1=" " ind2="4" tag="050"><subfield code="a">TP343</subfield></datafield><datafield ind1=" " ind2=" " tag="090"><subfield code="a">Internet Access</subfield><subfield code="b">AEU</subfield></datafield><datafield ind1="1" ind2=" " tag="100"><subfield code="a">Brownstein, Arthur M.,</subfield><subfield code="e">author.</subfield></datafield><datafield ind1="1" ind2="0" tag="245"><subfield code="a">Renewable motor fuels</subfield><subfield code="h">[electronic resource] :</subfield><subfield code="b">the past, the present, and the uncertain future /</subfield><subfield code="c">Arthur M. Brownstein, ExxonMobil Corp., Retired.</subfield></datafield><datafield ind1=" " ind2="1" tag="264"><subfield code="a">Oxford, U.K. ;</subfield><subfield code="a">Waltham, MA :</subfield><subfield code="b">Butterworth-Heinemann,</subfield><subfield code="c">[2015]</subfield></datafield><datafield ind1=" " ind2="4" tag="264"><subfield code="c">&#169;2015</subfield></datafield><datafield ind1=" " ind2=" " tag="300"><subfield code="a">1 online resource.</subfield></datafield><datafield ind1=" " ind2=" " tag="336"><subfield code="a">text</subfield><subfield code="2">rdacontent</subfield></datafield><datafield ind1=" " ind2=" " tag="337"><subfield code="a">computer</subfield><subfield code="2">rdamedia</subfield></datafield><datafield ind1=" " ind2=" " tag="338"><subfield code="a">online resource</subfield><subfield code="2">rdacarrier</subfield></datafield><datafield ind1=" " ind2=" " tag="504"><subfield code="a">Includes bibliographical references and index.</subfield></datafield><datafield ind1=" " ind2=" " tag="506"><subfield code="a">Access restricted to authorized users and institutions.</subfield></datafield><datafield ind1=" " ind2=" " tag="588"><subfield code="a">Description based on print version record.</subfield></datafield><datafield ind1=" " ind2=" " tag="596"><subfield code="a">44</subfield></datafield><datafield ind1=" " ind2="0" tag="650"><subfield code="a">Motor fuels.</subfield></datafield><datafield ind1=" " ind2="0" tag="650"><subfield code="a">Renewable energy sources.</subfield></datafield><datafield ind1="4" ind2="0" tag="856"><subfield code="3">University of Alberta Access</subfield><subfield code="u">http://proquest.safaribooksonline.com/?uiCode=ualberta&amp;xmlId=9780128009703</subfield></datafield><datafield ind1=" " ind2=" " tag="949"><subfield code="h">UAIN</subfield><subfield code="m">GR_MAC_INT</subfield><subfield code="z">SCIDIRCOGM</subfield></datafield><datafield ind1=" " ind2=" " tag="926"><subfield code="a">Internet Access</subfield><subfield code="w">LC</subfield><subfield code="c">1</subfield><subfield code="i">6784439-1001</subfield><subfield code="l">INTERNET</subfield><subfield code="m">UAINTERNET</subfield><subfield code="r">Y</subfield><subfield code="s">Y</subfield><subfield code="t">E-RESOURCE</subfield><subfield code="u">1/16/2015</subfield><subfield code="x">E-BOOK</subfield><subfield code="z">SAFARI</subfield></datafield></record>